%% This BibTeX bibliography file was created using BibDesk.
%% http://bibdesk.sourceforge.net/

@article{adam,
  title={Adam: A method for stochastic optimization},
  author={Kingma, Diederik and Ba, Jimmy},
  eprint = "1412.6980",
  archivePrefix  = "arXiv",
  primaryClass = "cs",
  year={2014}
}

@INPROCEEDINGS{Szegedy14intriguingproperties,
    author = {Christian Szegedy and Google Inc and Wojciech Zaremba and Ilya Sutskever and Google Inc and Joan Bruna and Dumitru Erhan and Google Inc and Ian Goodfellow and Rob Fergus},
    title = {Intriguing properties of neural networks},
    booktitle = {In ICLR},
    year = {2014}
}
@article{Nachman:2019dol,
      author         = "Nachman, Benjamin",
      title          = "{A guide for deploying Deep Learning in LHC searches: How
                        to achieve optimality and account for uncertainty}",
      year           = "2019",
      eprint         = "1909.03081",
      archivePrefix  = "arXiv",
      primaryClass   = "hep-ph",
      SLACcitation   = "%%CITATION = ARXIV:1909.03081;%%"
}
@article{Hocker:2007ht,
      author         = "H{\"{o}}cker, Andreas and others",
      title          = "{TMVA - Toolkit for Multivariate Data Analysis}",
      year           = "2007",
      eprint         = "physics/0703039",
      archivePrefix  = "arXiv",
      primaryClass   = "physics.data-an",
      journal   = "CERN-OPEN-2007-007",
      SLACcitation   = "%%CITATION = PHYSICS/0703039;%%"
}
@article{CMS-PAS-SUS-19-009,
      title         = "{Search for direct top squark pair production in events
                       with one lepton, jets and missing transverse energy at 13
                       TeV}",
      institution   = "CERN",
      author = "{CMS Collaboration}",
      address       = "Geneva",
      journal        = "CMS-PAS-SUS-19-009",
      year          = "2019",
      reportNumber  = "CMS-PAS-SUS-19-009",
      url           = "http://cds.cern.ch/record/2682157",
}
% antiKt
@article{Cacciari:2008gp,
      author         = "Cacciari, Matteo and Salam, Gavin P. and Soyez, Gregory",
      title          = "{The Anti-k(t) jet clustering algorithm}",
      journal        = "JHEP",
      volume         = "04",
      year           = "2008",
      pages          = "063",
      doi            = "10.1088/1126-6708/2008/04/063",
      eprint         = "0802.1189",
      archivePrefix  = "arXiv",
      primaryClass   = "hep-ph",
      reportNumber   = "LPTHE-07-03",
      SLACcitation   = "%%CITATION = ARXIV:0802.1189;%%"
}
@article{Radovic:2018dip,
      author         = "Radovic, Alexander and Williams, Mike and Rousseau, David
                        and Kagan, Michael and Bonacorsi, Daniele and Himmel,
                        Alexander and Aurisano, Adam and Terao, Kazuhiro and
                        Wongjirad, Taritree",
      title          = "{Machine learning at the energy and intensity frontiers
                        of particle physics}",
      journal        = "Nature",
      volume         = "560",
      year           = "2018",
      pages          = "41",
      doi            = "10.1038/s41586-018-0361-2",
      reportNumber   = "FERMILAB-PUB-18-436-ND",
      SLACcitation   = "%%CITATION = NATUA,560,41;%%"
}
@misc{noel_dawe_2019_2672944,
  author       = {Noel Dawe and
                  Eduardo Rodrigues and
                  Marcel R. and
                  Dmitry Kalinkin and
                  Bryan Ostdiek},
  title        = {scikit-hep/pyjet: 1.5.0},
  month        = may,
  year         = 2019,
  doi          = {10.5281/zenodo.2672944},
  url          = {https://doi.org/10.5281/zenodo.2672944}
}
@article{Guest:2018yhq,
      author         = "Guest, Dan and Cranmer, Kyle and Whiteson, Daniel",
      title          = "{Deep Learning and its Application to LHC Physics}",
      journal        = "Ann. Rev. Nucl. Part. Sci.",
      volume         = "68",
      year           = "2018",
      pages          = "161",
      doi            = "10.1146/annurev-nucl-101917-021019",
      eprint         = "1806.11484",
      archivePrefix  = "arXiv",
      primaryClass   = "hep-ex",
      SLACcitation   = "%%CITATION = ARXIV:1806.11484;%%"
}
@article{Cacciari:2005hq,
      author         = "Cacciari, Matteo and Salam, Gavin P.",
      title          = "{Dispelling the $N^{3}$ myth for the $k_t$ jet-finder}",
      journal        = "Phys. Lett.",
      volume         = "B641",
      year           = "2006",
      pages          = "57-61",
      doi            = "10.1016/j.physletb.2006.08.037",
      eprint         = "hep-ph/0512210",
      archivePrefix  = "arXiv",
      primaryClass   = "hep-ph",
      reportNumber   = "LPTHE-05-32",
      SLACcitation   = "%%CITATION = HEP-PH/0512210;%%"
}
@article{Cacciari:2011ma,
      author         = "Cacciari, Matteo and Salam, Gavin P. and Soyez, Gregory",
      title          = "{FastJet User Manual}",
      journal        = "Eur. Phys. J.",
      volume         = "C72",
      year           = "2012",
      pages          = "1896",
      doi            = "10.1140/epjc/s10052-012-1896-2",
      eprint         = "1111.6097",
      archivePrefix  = "arXiv",
      primaryClass   = "hep-ph",
      reportNumber   = "CERN-PH-TH-2011-297",
      SLACcitation   = "%%CITATION = ARXIV:1111.6097;%%"
}
@inproceedings{tensorflow,
  title={TensorFlow: A System for Large-Scale Machine Learning.},
  author={Abadi, Mart{\'\i}n and Barham, Paul and Chen, Jianmin and Chen, Zhifeng and Davis, Andy and Dean, Jeffrey and Devin, Matthieu and Ghemawat, Sanjay and Irving, Geoffrey and Isard, Michael and others},
  booktitle={OSDI},
  volume={16},
  pages={265--283},
  year={2016}
}
@misc{keras,
  author = {Chollet, Fraciois},
  title = {Keras},
  year = {2017},
  publisher = {GitHub},
  journal = {GitHub repository},
  howpublished = {\url{https://github.com/fchollet/keras}},
  commit = {82ca6d418588ccd61d663ec8029937290b62d583}
}
@article{Larkoski:2013eya,
      author         = "Larkoski, Andrew J. and Salam, Gavin P. and Thaler,
                        Jesse",
      title          = "{Energy Correlation Functions for Jet Substructure}",
      journal        = "JHEP",
      volume         = "06",
      year           = "2013",
      pages          = "108",
      doi            = "10.1007/JHEP06(2013)108",
      eprint         = "1305.0007",
      archivePrefix  = "arXiv",
      primaryClass   = "hep-ph",
      reportNumber   = "MIT-CTP-4446, CERN-PH-TH-2013-066, LPN13-026",
      SLACcitation   = "%%CITATION = ARXIV:1305.0007;%%"
}
@article{Larkoski:2014gra,
      author         = "Larkoski, Andrew J. and Moult, Ian and Neill, Duff",
      title          = "{Power Counting to Better Jet Observables}",
      journal        = "JHEP",
      volume         = "12",
      year           = "2014",
      pages          = "009",
      doi            = "10.1007/JHEP12(2014)009",
      eprint         = "1409.6298",
      archivePrefix  = "arXiv",
      primaryClass   = "hep-ph",
      reportNumber   = "MIT--CTP-4588",
      SLACcitation   = "%%CITATION = ARXIV:1409.6298;%%"
}
@misc{gregor_kasieczka_2019_2629073,
  author       = {Gregor Kasieczka and
                  Ben Nachman and
                  David Shih},
  title        = {{R\&D Dataset for LHC Olympics 2020 Anomaly 
                   Detection Challenge}},
  month        = apr,
  year         = 2019,
  doi          = {10.5281/zenodo.2629073},
  url          = {https://doi.org/10.5281/zenodo.2629073}
}
@article{deFavereau:2013fsa,
      author         = "de Favereau, J. and Delaere, C. and Demin, P. and
                        Giammanco, A. and Lemaitre, V. and Mertens, A. and
                        Selvaggi, M.",
      title          = "{DELPHES 3, A modular framework for fast simulation of a
                        generic collider experiment}",
      collaboration  = "DELPHES 3",
      journal        = "JHEP",
      volume         = "02",
      year           = "2014",
      pages          = "057",
      doi            = "10.1007/JHEP02(2014)057",
      eprint         = "1307.6346",
      archivePrefix  = "arXiv",
      primaryClass   = "hep-ex",
      SLACcitation   = "%%CITATION = ARXIV:1307.6346;%%"
}
@article{Sjostrand:2007gs,
      author         = "Sjostrand, Torbjorn and Mrenna, Stephen and Skands, Peter
                        Z.",
      title          = "{A Brief Introduction to PYTHIA 8.1}",
      journal        = "Comput. Phys. Commun.",
      volume         = "178",
      year           = "2008",
      pages          = "852-867",
      doi            = "10.1016/j.cpc.2008.01.036",
      eprint         = "0710.3820",
      archivePrefix  = "arXiv",
      primaryClass   = "hep-ph",
      reportNumber   = "CERN-LCGAPP-2007-04, LU-TP-07-28,
                        FERMILAB-PUB-07-512-CD-T",
      SLACcitation   = "%%CITATION = ARXIV:0710.3820;%%"
}
@article{Sjostrand:2006za,
      author         = "Sjostrand, Torbjorn and Mrenna, Stephen and Skands, Peter
                        Z.",
      title          = "{PYTHIA 6.4 Physics and Manual}",
      journal        = "JHEP",
      volume         = "05",
      year           = "2006",
      pages          = "026",
      doi            = "10.1088/1126-6708/2006/05/026",
      eprint         = "hep-ph/0603175",
      archivePrefix  = "arXiv",
      primaryClass   = "hep-ph",
      reportNumber   = "FERMILAB-PUB-06-052-CD-T, LU-TP-06-13",
      SLACcitation   = "%%CITATION = HEP-PH/0603175;%%"
}
%% Saved with string encoding Unicode (UTF-8) 
@article{Guest:2018yhq,
      author         = "Guest, Dan and Cranmer, Kyle and Whiteson, Daniel",
      title          = "{Deep Learning and its Application to LHC Physics}",
      journal        = "Ann. Rev. Nucl. Part. Sci.",
      volume         = "68",
      year           = "2018",
      pages          = "161-181",
      doi            = "10.1146/annurev-nucl-101917-021019",
      eprint         = "1806.11484",
      archivePrefix  = "arXiv",
      primaryClass   = "hep-ex",
      SLACcitation   = "%%CITATION = ARXIV:1806.11484;%%"
}
@inproceedings{DBLP:journals/corr/GoodfellowSS14,
  author    = {Ian J. Goodfellow and
               Jonathon Shlens and
               Christian Szegedy},
  title     = {Explaining and Harnessing Adversarial Examples},
  booktitle = {3rd International Conference on Learning Representations, {ICLR} 2015,
               San Diego, CA, USA, May 7-9, 2015, Conference Track Proceedings},
  year      = {2015},
  crossref  = {DBLP:conf/iclr/2015},
  url       = {http://arxiv.org/abs/1412.6572},
  timestamp = {Thu, 25 Jul 2019 14:25:38 +0200},
  biburl    = {https://dblp.org/rec/bib/journals/corr/GoodfellowSS14},
  bibsource = {dblp computer science bibliography, https://dblp.org}
}

@article{Radovic:2018dip,
      author         = "Radovic, Alexander and Williams, Mike and Rousseau, David
                        and Kagan, Michael and Bonacorsi, Daniele and Himmel,
                        Alexander and Aurisano, Adam and Terao, Kazuhiro and
                        Wongjirad, Taritree",
      title          = "{Machine learning at the energy and intensity frontiers
                        of particle physics}",
      journal        = "Nature",
      volume         = "560",
      year           = "2018",
      number         = "7716",
      pages          = "41-48",
      doi            = "10.1038/s41586-018-0361-2",
      reportNumber   = "FERMILAB-PUB-18-436-ND",
      SLACcitation   = "%%CITATION = NATUA,560,41;%%"
}

@article{Larkoski:2017jix,
      author         = "Larkoski, Andrew J. and Moult, Ian and Nachman, Benjamin",
      title          = "{Jet Substructure at the Large Hadron Collider: A Review
                        of Recent Advances in Theory and Machine Learning}",
      year           = "2017",
      eprint         = "1709.04464",
      archivePrefix  = "arXiv",
      primaryClass   = "hep-ph",
      SLACcitation   = "%%CITATION = ARXIV:1709.04464;%%"
}

%%%%%%%%%%%%%%%%%%%%%%%%%%%%%%%%%%%%%%%%%%%
%%
%% Papers that motivate the use of high-dimensional, low-level feature spaces
%%
%%%%%%%%%%%%%%%%%%%%%%%%%%%%%%%%%%%%%%%%%%%
@article{Baldi:2014kfa,
      author         = "Baldi, Pierre and Sadowski, Peter and Whiteson, Daniel",
      title          = "{Searching for Exotic Particles in High-Energy Physics
                        with Deep Learning}",
      journal        = "Nature Commun.",
      volume         = "5",
      year           = "2014",
      pages          = "4308",
      doi            = "10.1038/ncomms5308",
      eprint         = "1402.4735",
      archivePrefix  = "arXiv",
      primaryClass   = "hep-ph",
      SLACcitation   = "%%CITATION = ARXIV:1402.4735;%%"
}

@article{deOliveira:2015xxd,
      author         = "de Oliveira, Luke and Kagan, Michael and Mackey, Lester
                        and Nachman, Benjamin and Schwartzman, Ariel",
      title          = "{Jet-images ? deep learning edition}",
      journal        = "JHEP",
      volume         = "07",
      year           = "2016",
      pages          = "069",
      doi            = "10.1007/JHEP07(2016)069",
      eprint         = "1511.05190",
      archivePrefix  = "arXiv",
      primaryClass   = "hep-ph",
      SLACcitation   = "%%CITATION = ARXIV:1511.05190;%%"
}

@article{Baldi:2016fql,
      author         = "Baldi, Pierre and Bauer, Kevin and Eng, Clara and
                        Sadowski, Peter and Whiteson, Daniel",
      title          = "{Jet Substructure Classification in High-Energy Physics
                        with Deep Neural Networks}",
      journal        = "Phys. Rev.",
      volume         = "D93",
      year           = "2016",
      number         = "9",
      pages          = "094034",
      doi            = "10.1103/PhysRevD.93.094034",
      eprint         = "1603.09349",
      archivePrefix  = "arXiv",
      primaryClass   = "hep-ex",
      SLACcitation   = "%%CITATION = ARXIV:1603.09349;%%"
}

@article{Guest:2016iqz,
      author         = "Guest, Daniel and Collado, Julian and Baldi, Pierre and
                        Hsu, Shih-Chieh and Urban, Gregor and Whiteson, Daniel",
      title          = "{Jet Flavor Classification in High-Energy Physics with
                        Deep Neural Networks}",
      journal        = "Phys. Rev.",
      volume         = "D94",
      year           = "2016",
      number         = "11",
      pages          = "112002",
      doi            = "10.1103/PhysRevD.94.112002",
      eprint         = "1607.08633",
      archivePrefix  = "arXiv",
      primaryClass   = "hep-ex",
      SLACcitation   = "%%CITATION = ARXIV:1607.08633;%%"
}


%%%%%%%%%%%%%%%%%%%%%%%%%%%%%%%%%%%%%%%%%%%%
%%
%% Papers that use (or propose to use) HDLL features in experiments:
%%
%%%%%%%%%%%%%%%%%%%%%%%%%%%%%%%%%%%%%%%%%%%%

@article{Andrews:2018nwy,
      author         = "Andrews, M. and Paulini, M. and Gleyzer, S. and Poczos,
                        B.",
      title          = "{End-to-End Physics Event Classification with CMS Open
                        Data: Applying Image-Based Deep Learning to Detector Data
                        for the Direct Classification of Collision Events at the
                        LHC}",
      year           = "2018",
      eprint         = "1807.11916",
      archivePrefix  = "arXiv",
      primaryClass   = "hep-ex",
      SLACcitation   = "%%CITATION = ARXIV:1807.11916;%%"
}

@article{Andrews:2019faz,
      author         = "Andrews, Michael and Alison, John and An, Sitong and
                        Bryant, Patrick and Burkle, Bjorn and Gleyzer, Sergei and
                        Narain, Meenakshi and Paulini, Manfred and Poczos,
                        Barnabas and Usai, Emanuele",
      title          = "{End-to-End Jet Classification of Quarks and Gluons with
                        the CMS Open Data}",
      year           = "2019",
      eprint         = "1902.08276",
      archivePrefix  = "arXiv",
      primaryClass   = "hep-ex",
      SLACcitation   = "%%CITATION = ARXIV:1902.08276;%%"
}

@article{Acciarri:2016ryt,
      author         = "Acciarri, R. and others",
      title          = "{Convolutional Neural Networks Applied to Neutrino Events
                        in a Liquid Argon Time Projection Chamber}",
      collaboration  = "MicroBooNE",
      journal        = "JINST",
      volume         = "12",
      year           = "2017",
      number         = "03",
      pages          = "P03011",
      doi            = "10.1088/1748-0221/12/03/P03011",
      eprint         = "1611.05531",
      archivePrefix  = "arXiv",
      primaryClass   = "physics.ins-det",
      reportNumber   = "FERMILAB-PUB-16-538-ND",
      SLACcitation   = "%%CITATION = ARXIV:1611.05531;%%"
}
@article{ATLAS-CONF-2019-017,
      title         = "{Search for direct top squark pair production in the
                       3-body decay mode with a final state containing one lepton,
                       jets, and missing transverse momentum in $\sqrt{s}=13$TeV
                       $pp$ collision data with the ATLAS detector}",
      author = "{ATLAS Collaboration}",
      address       = "Geneva",
      journal        = "ATLAS-CONF-2019-017",
      year          = "2019",
      reportNumber  = "ATLAS-CONF-2019-017",
      url           = "http://cds.cern.ch/record/2676594",
}

@article{Aad:2019yxi,
      title          = "{Search for non-resonant Higgs boson pair production in
                        the $bb\ell\nu\ell\nu$ final state with the ATLAS detector
                        in $pp$ collisions at $\sqrt{s} = 13$ TeV}",
      author  = "{ATLAS Collaboration}",
      year           = "2019",
      eprint         = "1908.06765",
      archivePrefix  = "arXiv",
      primaryClass   = "hep-ex",
      SLACcitation   = "%%CITATION = ARXIV:1908.06765;%%"
}
@article{Delaquis:2018zqi,
      author         = "Delaquis, S. and others",
      title          = "{Deep Neural Networks for Energy and Position
                        Reconstruction in EXO-200}",
      collaboration  = "EXO",
      journal        = "JINST",
      volume         = "13",
      year           = "2018",
      number         = "08",
      pages          = "P08023",
      doi            = "10.1088/1748-0221/13/08/P08023",
      eprint         = "1804.09641",
      archivePrefix  = "arXiv",
      primaryClass   = "physics.ins-det",
      SLACcitation   = "%%CITATION = ARXIV:1804.09641;%%"
}
@article{ATL-PHYS-PUB-2017-003,
      title         = "{Identification of Jets Containing $b$-Hadrons with
                       Recurrent Neural Networks at the ATLAS Experiment}",
      institution   = "CERN",
      author = "{ATLAS Collaboration}",
      address       = "Geneva",
      journal        = "ATL-PHYS-PUB-2017-003",
      year          = "2017",
      reportNumber  = "ATL-PHYS-PUB-2017-003",
      url           = "http://cds.cern.ch/record/2255226",
}
@article{CMS-DP-2017-005,
      title         = "{Heavy flavor identification at CMS with deep neural
                       networks}",
      author = "{CMS Collaboration}",
      year          = "2017",
      journal  = "CMS-DP-2017-005",
      url           = "https://cds.cern.ch/record/2255736",
}
%%%%%%%%%

% maxwell's demon, lol
@article{TheLordKelvin,
	Author = {THOMSON, WILLIAM},
	Da = {1874/04/01},
	Date-Added = {2019-08-14 16:40:38 -0400},
	Date-Modified = {2019-08-14 16:40:38 -0400},
	Doi = {10.1038/009441c0},
	Id = {THOMSON1874},
	Isbn = {1476-4687},
	Journal = {Nature},
	Number = {232},
	Pages = {441--444},
	Title = {Kinetic Theory of the Dissipation of Energy},
	Ty = {JOUR},
	Url = {https://doi.org/10.1038/009441c0},
	Volume = {9},
	Year = {1874},
	Bdsk-Url-1 = {https://doi.org/10.1038/009441c0}
}


@article{review,
author = { J   Kempe },
title = {Quantum random walks: An introductory overview},
journal = {Contemporary Physics},
volume = {44},
number = {4},
pages = {307-327},
year  = {2003},
publisher = {Taylor & Francis},
doi = {10.1080/00107151031000110776},

URL = { 
        https://doi.org/10.1080/00107151031000110776
    
},
eprint = { 
        https://doi.org/10.1080/00107151031000110776
}

}
@Article{VenegasAndraca:2012fh,
author="Venegas-Andraca, Salvador El{\'i}as",
title="Quantum walks: a comprehensive review",
journal="Quantum Information Processing",
year="2012",
month="Oct",
day="01",
volume="11",
number="5",
pages="1015--1106",
issn="1573-1332",
doi="10.1007/s11128-012-0432-5",
url="https://doi.org/10.1007/s11128-012-0432-5"
}
@article{PhysRevA.48.1687,
  title = {Quantum random walks},
  author = {Aharonov, Y. and Davidovich, L. and Zagury, N.},
  journal = {Phys. Rev. A},
  volume = {48},
  issue = {2},
  pages = {1687--1690},
  numpages = {0},
  year = {1993},
  month = {Aug},
  publisher = {American Physical Society},
  doi = {10.1103/PhysRevA.48.1687},
  url = {https://link.aps.org/doi/10.1103/PhysRevA.48.1687}
}
@misc{qiskit,
	Author = {{IBM Research}},
	Date-Added = {2019-03-29 10:52:43 -0700},
	Date-Modified = {2019-03-29 10:52:43 -0700},
	Title = {Qiskit, An open-source computing framework},
	Url = {hhttps://qiskit.org},
	Year = {2018},
	Bdsk-Url-1 = {hhttps://qiskit.org}}

@article{Blanco:2017sbc,
	Archiveprefix = {arXiv},
	Author = {Blanco, Carlos and Harding, J. Patrick and Hooper, Dan},
	Date-Added = {2019-03-29 10:51:59 -0700},
	Date-Modified = {2019-03-29 10:51:59 -0700},
	Doi = {10.1088/1475-7516/2018/04/060},
	Eprint = {1712.02805},
	Journal = {JCAP},
	Number = {04},
	Pages = {060},
	Primaryclass = {hep-ph},
	Reportnumber = {FERMILAB-PUB-17-568-A, LA-UR-17-31003},
	Slaccitation = {%%CITATION = ARXIV:1712.02805;%%},
	Title = {{Novel Gamma-Ray Signatures of PeV-Scale Dark Matter}},
	Volume = {1804},
	Year = {2018},
	Bdsk-Url-1 = {https://doi.org/10.1088/1475-7516/2018/04/060}}

@article{Almeida:2014uva,
	Archiveprefix = {arXiv},
	Author = {Almeida, Leandro G. and Ellis, Stephen D. and Lee, Christopher and Sterman, George and Sung, Ilmo and Walsh, Jonathan R.},
	Date-Added = {2019-03-29 10:51:11 -0700},
	Date-Modified = {2019-03-29 10:51:11 -0700},
	Doi = {10.1007/JHEP04(2014)174},
	Eprint = {1401.4460},
	Journal = {JHEP},
	Pages = {174},
	Primaryclass = {hep-ph},
	Reportnumber = {LA-UR-13-28363, YITP-SB-14-02},
	Slaccitation = {%%CITATION = ARXIV:1401.4460;%%},
	Title = {{Comparing and counting logs in direct and effective methods of QCD resummation}},
	Volume = {04},
	Year = {2014},
	Bdsk-Url-1 = {https://doi.org/10.1007/JHEP04(2014)174}}

@article{Sterman:1977wj,
	Author = {Sterman, George F. and Weinberg, Steven},
	Date-Added = {2019-03-29 10:50:52 -0700},
	Date-Modified = {2019-03-29 10:50:52 -0700},
	Doi = {10.1103/PhysRevLett.39.1436},
	Journal = {Phys. Rev. Lett.},
	Pages = {1436},
	Reportnumber = {HUTP-77/A044},
	Slaccitation = {%%CITATION = PRLTA,39,1436;%%},
	Title = {{Jets from Quantum Chromodynamics}},
	Volume = {39},
	Year = {1977},
	Bdsk-Url-1 = {https://doi.org/10.1103/PhysRevLett.39.1436}}

@book{Nielsen:2011:QCQ:1972505,
	Address = {New York, NY, USA},
	Author = {Nielsen, Michael A. and Chuang, Isaac L.},
	Date-Added = {2019-03-29 10:47:28 -0700},
	Date-Modified = {2019-03-29 10:47:28 -0700},
	Edition = {10th},
	Isbn = {1107002176, 9781107002173},
	Publisher = {Cambridge University Press},
	Title = {Quantum Computation and Quantum Information: 10th Anniversary Edition},
	Year = {2011}}

@article{Isaacson:2018zdi,
	Archiveprefix = {arXiv},
	Author = {Isaacson, Joshua and Prestel, Stefan},
	Date-Added = {2019-03-29 10:44:51 -0700},
	Date-Modified = {2019-03-29 10:44:51 -0700},
	Doi = {10.1103/PhysRevD.99.014021},
	Eprint = {1806.10102},
	Journal = {Phys. Rev.},
	Number = {1},
	Pages = {014021},
	Primaryclass = {hep-ph},
	Reportnumber = {FERMILAB-PUB-18-296-T},
	Slaccitation = {%%CITATION = ARXIV:1806.10102;%%},
	Title = {{Stochastically sampling color configurations}},
	Volume = {D99},
	Year = {2019},
	Bdsk-Url-1 = {https://doi.org/10.1103/PhysRevD.99.014021}}

@article{Martinez:2018ffw,
	Archiveprefix = {arXiv},
	Author = {{\'A}ngeles Mart{\'\i}nez, Ren{\'e} and De Angelis, Matthew and Forshaw, Jeffrey R. and Pl{\"a}tzer, Simon and Seymour, Michael H.},
	Date-Added = {2019-03-29 10:44:28 -0700},
	Date-Modified = {2019-03-29 10:44:28 -0700},
	Doi = {10.1007/JHEP05(2018)044},
	Eprint = {1802.08531},
	Journal = {JHEP},
	Pages = {044},
	Primaryclass = {hep-ph},
	Reportnumber = {MAN/HEP/2018/001, CERN-TH-2018-037, IFJPAN-IV-2018-4, UWTHPH-2018-3, MCnet-18-03, MAN-HEP-2018-001, MCNET-18-03},
	Slaccitation = {%%CITATION = ARXIV:1802.08531;%%},
	Title = {{Soft gluon evolution and non-global logarithms}},
	Volume = {05},
	Year = {2018},
	Bdsk-Url-1 = {https://doi.org/10.1007/JHEP05(2018)044}}

@article{Platzer:2012np,
	Archiveprefix = {arXiv},
	Author = {Platzer, Simon and Sjodahl, Malin},
	Date-Added = {2019-03-29 10:44:12 -0700},
	Date-Modified = {2019-03-29 10:44:12 -0700},
	Doi = {10.1007/JHEP07(2012)042},
	Eprint = {1201.0260},
	Journal = {JHEP},
	Pages = {042},
	Primaryclass = {hep-ph},
	Reportnumber = {DESY-11-255, LU-TP-11-48, MCNET-11-27},
	Slaccitation = {%%CITATION = ARXIV:1201.0260;%%},
	Title = {{Subleading $N_c$ improved Parton Showers}},
	Volume = {07},
	Year = {2012},
	Bdsk-Url-1 = {https://doi.org/10.1007/JHEP07(2012)042}}

@article{Platzer:2018pmd,
	Archiveprefix = {arXiv},
	Author = {Pl{\"a}tzer, Simon and Sjodahl, Malin and Thor{\'e}n, Johan},
	Date-Added = {2019-03-29 10:43:48 -0700},
	Date-Modified = {2019-03-29 10:43:48 -0700},
	Doi = {10.1007/JHEP11(2018)009},
	Eprint = {1808.00332},
	Journal = {JHEP},
	Pages = {009},
	Primaryclass = {hep-ph},
	Reportnumber = {LU-TP 18-21, MCNET-18-14, UWTHPH-2018-21},
	Slaccitation = {%%CITATION = ARXIV:1808.00332;%%},
	Title = {{Color matrix element corrections for parton showers}},
	Volume = {11},
	Year = {2018},
	Bdsk-Url-1 = {https://doi.org/10.1007/JHEP11(2018)009}}

@article{Nagy:2019pjp,
	Archiveprefix = {arXiv},
	Author = {Nagy, Zolt{\'a}n and Soper, Davison E.},
	Date-Added = {2019-03-29 10:43:25 -0700},
	Date-Modified = {2019-03-29 10:43:25 -0700},
	Doi = {10.1103/PhysRevD.99.054009},
	Eprint = {1902.02105},
	Journal = {Phys. Rev.},
	Number = {5},
	Pages = {054009},
	Primaryclass = {hep-ph},
	Reportnumber = {DESY 19-013, DESY-19-013},
	Slaccitation = {%%CITATION = ARXIV:1902.02105;%%},
	Title = {{Parton showers with more exact color evolution}},
	Volume = {D99},
	Year = {2019},
	Bdsk-Url-1 = {https://doi.org/10.1103/PhysRevD.99.054009}}

@article{Preskill2018quantumcomputingin,
	Author = {Preskill, John},
	Date-Added = {2019-03-29 10:40:41 -0700},
	Date-Modified = {2019-03-29 10:40:41 -0700},
	Doi = {10.22331/q-2018-08-06-79},
	Issn = {2521-327X},
	Journal = {{Quantum}},
	Month = aug,
	Pages = {79},
	Publisher = {{Verein zur F{\"{o}}rderung des Open Access Publizierens in den Quantenwissenschaften}},
	Title = {Quantum {C}omputing in the {NISQ} era and beyond},
	Url = {https://doi.org/10.22331/q-2018-08-06-79},
	Volume = {2},
	Year = {2018},
	Bdsk-Url-1 = {https://doi.org/10.22331/q-2018-08-06-79}}

@article{Richardson:2001df,
	Archiveprefix = {arXiv},
	Author = {Richardson, Peter},
	Date-Added = {2019-03-15 10:09:09 -0700},
	Date-Modified = {2019-03-15 10:09:09 -0700},
	Doi = {10.1088/1126-6708/2001/11/029},
	Eprint = {hep-ph/0110108},
	Journal = {JHEP},
	Pages = {029},
	Primaryclass = {hep-ph},
	Reportnumber = {CAVENDISH-HEP-2001-13, DAMTP-2001-83},
	Slaccitation = {%%CITATION = HEP-PH/0110108;%%},
	Title = {{Spin correlations in Monte Carlo simulations}},
	Volume = {11},
	Year = {2001},
	Bdsk-Url-1 = {https://doi.org/10.1088/1126-6708/2001/11/029}}

@article{Knowles:1988hu,
	Author = {Knowles, I. G.},
	Date-Added = {2019-03-15 10:08:20 -0700},
	Date-Modified = {2019-03-15 10:08:20 -0700},
	Doi = {10.1016/0010-4655(90)90063-7},
	Journal = {Comput. Phys. Commun.},
	Pages = {271-284},
	Reportnumber = {NSF-ITP-88-78},
	Slaccitation = {%%CITATION = CPHCB,58,271;%%},
	Title = {{A Linear Algorithm for Calculating Spin Correlations in Hadronic Collisions}},
	Volume = {58},
	Year = {1990},
	Bdsk-Url-1 = {https://doi.org/10.1016/0010-4655(90)90063-7}}

@article{Collins:1987cp,
	Author = {Collins, John C.},
	Date-Added = {2019-03-15 10:06:41 -0700},
	Date-Modified = {2019-03-15 10:06:41 -0700},
	Doi = {10.1016/0550-3213(88)90654-2},
	Journal = {Nucl. Phys.},
	Pages = {794-804},
	Reportnumber = {IIT-87/11},
	Slaccitation = {%%CITATION = NUPHA,B304,794;%%},
	Title = {{Spin Correlations in Monte Carlo Event Generators}},
	Volume = {B304},
	Year = {1988},
	Bdsk-Url-1 = {https://doi.org/10.1016/0550-3213(88)90654-2}}

@article{Knowles:1988vs,
	Author = {Knowles, I. G.},
	Date-Added = {2019-03-15 10:05:28 -0700},
	Date-Modified = {2019-03-15 10:05:28 -0700},
	Doi = {10.1016/0550-3213(88)90092-2},
	Journal = {Nucl. Phys.},
	Pages = {571-588},
	Reportnumber = {Cavendish-HEP-88/5, NSF-ITP-88-36},
	Slaccitation = {%%CITATION = NUPHA,B310,571;%%},
	Title = {{Spin Correlations in Parton - Parton Scattering}},
	Volume = {B310},
	Year = {1988},
	Bdsk-Url-1 = {https://doi.org/10.1016/0550-3213(88)90092-2}}

@article{Feynman1982,
	Author = {Feynman, Richard P.},
	Day = {01},
	Doi = {10.1007/BF02650179},
	Issn = {1572-9575},
	Journal = {International Journal of Theoretical Physics},
	Month = {Jun},
	Number = {6},
	Pages = {467--488},
	Title = {Simulating physics with computers},
	Url = {https://doi.org/10.1007/BF02650179},
	Volume = {21},
	Year = {1982},
	Bdsk-Url-1 = {https://doi.org/10.1007/BF02650179}}

@article{Bauer:2018xag,
	Archiveprefix = {arXiv},
	Author = {Bauer, Christian W. and Provasoli, Davide and Webber, Bryan R.},
	Doi = {10.1007/JHEP11(2018)030},
	Eprint = {1806.10157},
	Journal = {JHEP},
	Pages = {030},
	Primaryclass = {hep-ph},
	Reportnumber = {Cavendish-HEP-18/12},
	Slaccitation = {%%CITATION = ARXIV:1806.10157;%%},
	Title = {{Standard Model Fragmentation Functions at Very High Energies}},
	Volume = {11},
	Year = {2018},
	Bdsk-Url-1 = {https://doi.org/10.1007/JHEP11(2018)030}}

@article{PhysRevX.8.031022,
	Author = {Hempel, Cornelius and Maier, Christine and Romero, Jonathan and McClean, Jarrod and Monz, Thomas and Shen, Heng and Jurcevic, Petar and Lanyon, Ben P. and Love, Peter and Babbush, Ryan and Aspuru-Guzik, Al\'an and Blatt, Rainer and Roos, Christian F.},
	Doi = {10.1103/PhysRevX.8.031022},
	Issue = {3},
	Journal = {Phys. Rev. X},
	Month = {Jul},
	Numpages = {22},
	Pages = {031022},
	Publisher = {American Physical Society},
	Title = {Quantum Chemistry Calculations on a Trapped-Ion Quantum Simulator},
	Url = {https://link.aps.org/doi/10.1103/PhysRevX.8.031022},
	Volume = {8},
	Year = {2018},
	Bdsk-Url-1 = {https://link.aps.org/doi/10.1103/PhysRevX.8.031022},
	Bdsk-Url-2 = {https://doi.org/10.1103/PhysRevX.8.031022}}

@article{Collins:1989gx,
	Archiveprefix = {arXiv},
	Author = {Collins, John C. and Soper, Davison E. and Sterman, George F.},
	Doi = {10.1142/9789814503266_0001},
	Eprint = {hep-ph/0409313},
	Journal = {Adv. Ser. Direct. High Energy Phys.},
	Pages = {1-91},
	Primaryclass = {hep-ph},
	Reportnumber = {ITP-SB-89-31},
	Slaccitation = {%%CITATION = HEP-PH/0409313;%%},
	Title = {{Factorization of Hard Processes in QCD}},
	Volume = {5},
	Year = {1989},
	Bdsk-Url-1 = {https://doi.org/10.1142/9789814503266_0001}}

@article{Nagy:2014mqa,
	Archiveprefix = {arXiv},
	Author = {Nagy, Zoltan and Soper, Davison E.},
	Doi = {10.1007/JHEP06(2014)097},
	Eprint = {1401.6364},
	Journal = {JHEP},
	Pages = {097},
	Primaryclass = {hep-ph},
	Reportnumber = {DESY-13-241},
	Slaccitation = {%%CITATION = ARXIV:1401.6364;%%},
	Title = {{A parton shower based on factorization of the quantum density matrix}},
	Volume = {06},
	Year = {2014},
	Bdsk-Url-1 = {https://doi.org/10.1007/JHEP06(2014)097}}

@article{Martinez:2016yna,
	Archiveprefix = {arXiv},
	Author = {Martinez, E. A. and others},
	Doi = {10.1038/nature18318},
	Eprint = {1605.04570},
	Journal = {Nature},
	Pages = {516-519},
	Primaryclass = {quant-ph},
	Slaccitation = {%%CITATION = ARXIV:1605.04570;%%},
	Title = {{Real-time dynamics of lattice gauge theories with a few-qubit quantum computer}},
	Volume = {534},
	Year = {2016},
	Bdsk-Url-1 = {https://doi.org/10.1038/nature18318}}

@article{Georgescu:2013oza,
	Archiveprefix = {arXiv},
	Author = {Georgescu, I. M. and Ashhab, S. and Nori, Franco},
	Doi = {10.1103/RevModPhys.86.153},
	Eprint = {1308.6253},
	Journal = {Rev. Mod. Phys.},
	Pages = {153},
	Primaryclass = {quant-ph},
	Slaccitation = {%%CITATION = ARXIV:1308.6253;%%},
	Title = {{Quantum Simulation}},
	Volume = {86},
	Year = {2014},
	Bdsk-Url-1 = {https://doi.org/10.1103/RevModPhys.86.153}}

@article{Jordan:2011ne,
	Archiveprefix = {arXiv},
	Author = {Jordan, Stephen P. and Lee, Keith S. M. and Preskill, John},
	Doi = {10.1126/science.1217069},
	Eprint = {1111.3633},
	Journal = {Science},
	Pages = {1130-1133},
	Primaryclass = {quant-ph},
	Slaccitation = {%%CITATION = ARXIV:1111.3633;%%},
	Title = {{Quantum Algorithms for Quantum Field Theories}},
	Volume = {336},
	Year = {2012},
	Bdsk-Url-1 = {https://doi.org/10.1126/science.1217069}}

@article{PhysRevD.98.030001,
	Author = {Tanabashi, M. and others},
	Collaboration = {Particle Data Group},
	Doi = {10.1103/PhysRevD.98.030001},
	Issue = {3},
	Journal = {Phys. Rev. D},
	Month = {Aug},
	Numpages = {1898},
	Pages = {030001},
	Publisher = {American Physical Society},
	Title = {Review of Particle Physics},
	Url = {https://link.aps.org/doi/10.1103/PhysRevD.98.030001},
	Volume = {98},
	Year = {2018},
	Bdsk-Url-1 = {https://link.aps.org/doi/10.1103/PhysRevD.98.030001},
	Bdsk-Url-2 = {https://doi.org/10.1103/PhysRevD.98.030001}}

@article{Chen:2016wkt,
	Archiveprefix = {arXiv},
	Author = {Chen, Junmou and Han, Tao and Tweedie, Brock},
	Doi = {10.1007/JHEP11(2017)093},
	Eprint = {1611.00788},
	Journal = {JHEP},
	Pages = {093},
	Primaryclass = {hep-ph},
	Reportnumber = {PITT-PACC-1602},
	Slaccitation = {%%CITATION = ARXIV:1611.00788;%%},
	Title = {{Electroweak Splitting Functions and High Energy Showering}},
	Volume = {11},
	Year = {2017},
	Bdsk-Url-1 = {https://doi.org/10.1007/JHEP11(2017)093}}

@article{Nagy:2007ty,
	Archiveprefix = {arXiv},
	Author = {Nagy, Zoltan and Soper, Davison E.},
	Doi = {10.1088/1126-6708/2007/09/114},
	Eprint = {0706.0017},
	Journal = {JHEP},
	Pages = {114},
	Primaryclass = {hep-ph},
	Reportnumber = {CERN-PH-TH-2007-082},
	Slaccitation = {%%CITATION = ARXIV:0706.0017;%%},
	Title = {{Parton showers with quantum interference}},
	Volume = {09},
	Year = {2007},
	Bdsk-Url-1 = {https://doi.org/10.1088/1126-6708/2007/09/114}}

@article{Giele:2007di,
	Archiveprefix = {arXiv},
	Author = {Giele, Walter T. and Kosower, David A. and Skands, Peter Z.},
	Doi = {10.1103/PhysRevD.78.014026},
	Eprint = {0707.3652},
	Journal = {Phys. Rev.},
	Pages = {014026},
	Primaryclass = {hep-ph},
	Reportnumber = {FERMILAB-PUB-07-160-T, SACLAY-SPHT-T07-107},
	Slaccitation = {%%CITATION = ARXIV:0707.3652;%%},
	Title = {{A simple shower and matching algorithm}},
	Volume = {D78},
	Year = {2008},
	Bdsk-Url-1 = {https://doi.org/10.1103/PhysRevD.78.014026}}

@article{Buckley:2011ms,
	Archiveprefix = {arXiv},
	Author = {Buckley, Andy and others},
	Doi = {10.1016/j.physrep.2011.03.005},
	Eprint = {1101.2599},
	Journal = {Phys. Rept.},
	Pages = {145-233},
	Primaryclass = {hep-ph},
	Reportnumber = {CAVENDISH-HEP-10-21, CERN-PH-TH-2010-298, DCPT-10-202, IPPP-10-101, KA-TP-40-2010, LU-TP-10-28, MAN-HEP-2010-23, SLAC-PUB-14333, HD-THEP-10-24, MCNET-11-01},
	Slaccitation = {%%CITATION = ARXIV:1101.2599;%%},
	Title = {{General-purpose event generators for LHC physics}},
	Volume = {504},
	Year = {2011},
	Bdsk-Url-1 = {https://doi.org/10.1016/j.physrep.2011.03.005}}

@article{Hoche:2015sya,
	Archiveprefix = {arXiv},
	Author = {H{\"o}che, Stefan and Prestel, Stefan},
	Doi = {10.1140/epjc/s10052-015-3684-2},
	Eprint = {1506.05057},
	Journal = {Eur. Phys. J.},
	Number = {9},
	Pages = {461},
	Primaryclass = {hep-ph},
	Reportnumber = {SLAC-PUB-16304, MCNET-15-13},
	Slaccitation = {%%CITATION = ARXIV:1506.05057;%%},
	Title = {{The midpoint between dipole and parton showers}},
	Volume = {C75},
	Year = {2015},
	Bdsk-Url-1 = {https://doi.org/10.1140/epjc/s10052-015-3684-2}}

@article{Gleisberg:2008ta,
	Archiveprefix = {arXiv},
	Author = {Gleisberg, T. and Hoeche, Stefan. and Krauss, F. and Schonherr, M. and Schumann, S. and Siegert, F. and Winter, J.},
	Doi = {10.1088/1126-6708/2009/02/007},
	Eprint = {0811.4622},
	Journal = {JHEP},
	Pages = {007},
	Primaryclass = {hep-ph},
	Reportnumber = {FERMILAB-PUB-08-477-T, SLAC-PUB-13420, ZU-TH-17-08, DCPT-08-138, IPPP-08-69, EDINBURGH-2008-30, MCNET-08-14},
	Slaccitation = {%%CITATION = ARXIV:0811.4622;%%},
	Title = {{Event generation with SHERPA 1.1}},
	Volume = {02},
	Year = {2009},
	Bdsk-Url-1 = {https://doi.org/10.1088/1126-6708/2009/02/007}}

@article{Bahr:2008pv,
	Archiveprefix = {arXiv},
	Author = {Bahr, M. and others},
	Doi = {10.1140/epjc/s10052-008-0798-9},
	Eprint = {0803.0883},
	Journal = {Eur. Phys. J.},
	Pages = {639-707},
	Primaryclass = {hep-ph},
	Reportnumber = {CERN-PH-TH-2008-038, CAVENDISH-HEP-08-03, KA-TP-05-2008, DCPT-08-22, IPPP-08-11, CP3-08-05},
	Slaccitation = {%%CITATION = ARXIV:0803.0883;%%},
	Title = {{Herwig++ Physics and Manual}},
	Volume = {C58},
	Year = {2008},
	Bdsk-Url-1 = {https://doi.org/10.1140/epjc/s10052-008-0798-9}}

@article{Sjostrand:2006za,
	Archiveprefix = {arXiv},
	Author = {Sjostrand, Torbjorn and Mrenna, Stephen and Skands, Peter Z.},
	Doi = {10.1088/1126-6708/2006/05/026},
	Eprint = {hep-ph/0603175},
	Journal = {JHEP},
	Pages = {026},
	Primaryclass = {hep-ph},
	Reportnumber = {FERMILAB-PUB-06-052-CD-T, LU-TP-06-13},
	Slaccitation = {%%CITATION = HEP-PH/0603175;%%},
	Title = {{PYTHIA 6.4 Physics and Manual}},
	Volume = {05},
	Year = {2006},
	Bdsk-Url-1 = {https://doi.org/10.1088/1126-6708/2006/05/026}}

@article{Marchesini:1983bm,
	Author = {Marchesini, G. and Webber, B. R.},
	Doi = {10.1016/0550-3213(84)90463-2},
	Journal = {Nucl. Phys.},
	Pages = {1-29},
	Reportnumber = {CERN-TH-3525},
	Slaccitation = {%%CITATION = NUPHA,B238,1;%%},
	Title = {{Simulation of QCD Jets Including Soft Gluon Interference}},
	Volume = {B238},
	Year = {1984},
	Bdsk-Url-1 = {https://doi.org/10.1016/0550-3213(84)90463-2}}

@article{Grover:1996rk,
	Acmid = {237866},
	Address = {New York, NY, USA},
	Archiveprefix = {arXiv},
	Author = {Grover, Lov K.},
	Booktitle = {Proceedings of the Twenty-eighth Annual ACM Symposium on Theory of Computing},
	Doi = {10.1145/237814.237866},
	Eprint = {quant-ph/9605043},
	Isbn = {0-89791-785-5},
	Location = {Philadelphia, Pennsylvania, USA},
	Numpages = {8},
	Pages = {212--219},
	Primaryclass = {quant-ph},
	Publisher = {ACM},
	Series = {STOC '96},
	Title = {A Fast Quantum Mechanical Algorithm for Database Search},
	Url = {http://doi.acm.org/10.1145/237814.237866},
	Year = {1996},
	Bdsk-Url-1 = {http://doi.acm.org/10.1145/237814.237866},
	Bdsk-Url-2 = {https://doi.org/10.1145/237814.237866}}

@article{Shor:1994jg,
	Archiveprefix = {arXiv},
	Author = {Shor, Peter W.},
	Doi = {10.1137/S0097539795293172},
	Eprint = {quant-ph/9508027},
	Journal = {SIAM J. Sci. Statist. Comput.},
	Pages = {1484},
	Primaryclass = {quant-ph},
	Slaccitation = {%%CITATION = QUANT-PH/9508027;%%},
	Title = {{Polynomial time algorithms for prime factorization and discrete logarithms on a quantum computer}},
	Volume = {26},
	Year = {1997},
	Bdsk-Url-1 = {https://doi.org/10.1137/S0097539795293172}}

@article{Marshall:2015mna,
	Archiveprefix = {arXiv},
	Author = {Marshall, Kevin and Pooser, Raphael and Siopsis, George and Weedbrook, Christian},
	Doi = {10.1103/PhysRevA.92.063825},
	Eprint = {1503.08121},
	Journal = {Phys. Rev.},
	Number = {6},
	Pages = {063825},
	Primaryclass = {quant-ph},
	Slaccitation = {%%CITATION = ARXIV:1503.08121;%%},
	Title = {{Quantum simulation of quantum field theory using continuous variables}},
	Volume = {A92},
	Year = {2015},
	Bdsk-Url-1 = {https://doi.org/10.1103/PhysRevA.92.063825}}
